<record><leader>00000cas a2200000 a 4500</leader><controlfield tag="001">16634396</controlfield><controlfield tag="008">870902d19691975dcumr ne      0    0eng c</controlfield><datafield ind1=" " ind2=" " tag="010"><subfield code="a">sn 92019413 </subfield></datafield><datafield ind1=" " ind2=" " tag="040"><subfield code="a">KFS</subfield><subfield code="b">eng</subfield><subfield code="c">KFS</subfield><subfield code="d">NST</subfield><subfield code="d">EYM</subfield><subfield code="d">KNP</subfield><subfield code="d">CVF</subfield><subfield code="d">DCN</subfield><subfield code="d">NYS</subfield><subfield code="d">RBN</subfield><subfield code="d">CUV</subfield><subfield code="d">OCLCQ</subfield><subfield code="d">OCLCA</subfield><subfield code="d">OCLCF</subfield></datafield><datafield ind1="1" ind2=" " tag="029"><subfield code="a">AU@</subfield><subfield code="b">000025798736</subfield></datafield><datafield ind1=" " ind2=" " tag="042"><subfield code="a">pcc</subfield></datafield><datafield ind1=" " ind2=" " tag="043"><subfield code="a">n-us---</subfield><subfield code="a">n-us-dc</subfield></datafield><datafield ind1="1" ind2="4" tag="050"><subfield code="a">HQ75</subfield><subfield code="b">.G2634</subfield></datafield><datafield ind1="0" ind2=" " tag="130"><subfield code="a">Gay blade (Washington, D.C.)</subfield></datafield><datafield ind1="1" ind2="4" tag="245"><subfield code="a">The Gay blade.</subfield></datafield><datafield ind1=" " ind2=" " tag="260"><subfield code="a">Washington, D.C. :</subfield><subfield code="b">Gay Blade,</subfield><subfield code="c">1969-</subfield></datafield><datafield ind1=" " ind2=" " tag="300"><subfield code="a">v.</subfield></datafield><datafield ind1=" " ind2=" " tag="310"><subfield code="a">Monthly</subfield></datafield><datafield ind1="0" ind2=" " tag="362"><subfield code="a">Vol. 1, no. 1 (Oct. 1969)-6th year, no. 10 (Oct. 1975).</subfield></datafield><datafield ind1=" " ind2=" " tag="500"><subfield code="a">Subtitle varies.</subfield></datafield><datafield ind1=" " ind2=" " tag="500"><subfield code="a">"An Independent publication serving the gay community."</subfield></datafield><datafield ind1=" " ind2="0" tag="650"><subfield code="a">Homosexuality</subfield><subfield code="v">Newspapers.</subfield></datafield><datafield ind1=" " ind2="0" tag="650"><subfield code="a">Gay men</subfield><subfield code="v">Newspapers.</subfield></datafield><datafield ind1=" " ind2="0" tag="650"><subfield code="a">Gay liberation movement</subfield><subfield code="z">United States</subfield><subfield code="v">Newspapers.</subfield></datafield><datafield ind1=" " ind2="0" tag="650"><subfield code="a">Lesbians</subfield><subfield code="v">Newspapers.</subfield></datafield><datafield ind1=" " ind2="0" tag="650"><subfield code="a">Gays</subfield><subfield code="z">Washington (D.C.)</subfield><subfield code="v">Newspapers.</subfield></datafield><datafield ind1=" " ind2="0" tag="650"><subfield code="a">Gay community</subfield><subfield code="z">Washington (D.C.)</subfield><subfield code="v">Newspapers.</subfield></datafield><datafield ind1=" " ind2="0" tag="650"><subfield code="a">Gay bars</subfield><subfield code="z">Washington (D.C.)</subfield><subfield code="v">Newspapers.</subfield></datafield><datafield ind1=" " ind2="0" tag="651"><subfield code="a">Washington (D.C.)</subfield><subfield code="v">Newspapers.</subfield></datafield><datafield ind1=" " ind2="7" tag="655"><subfield code="a">Newspapers.</subfield><subfield code="2">fast</subfield><subfield code="0">(OCoLC)fst01423814</subfield></datafield><datafield ind1=" " ind2="7" tag="650"><subfield code="a">Gay bars.</subfield><subfield code="2">fast</subfield><subfield code="0">(OCoLC)fst00939063</subfield></datafield><datafield ind1=" " ind2="7" tag="650"><subfield code="a">Gay community.</subfield><subfield code="2">fast</subfield><subfield code="0">(OCoLC)fst01432142</subfield></datafield><datafield ind1=" " ind2="7" tag="650"><subfield code="a">Gay liberation movement.</subfield><subfield code="2">fast</subfield><subfield code="0">(OCoLC)fst00939104</subfield></datafield><datafield ind1=" " ind2="7" tag="650"><subfield code="a">Gay men.</subfield><subfield code="2">fast</subfield><subfield code="0">(OCoLC)fst00939117</subfield></datafield><datafield ind1=" " ind2="7" tag="650"><subfield code="a">Gays.</subfield><subfield code="2">fast</subfield><subfield code="0">(OCoLC)fst00939255</subfield></datafield><datafield ind1=" " ind2="7" tag="650"><subfield code="a">Homosexuality.</subfield><subfield code="2">fast</subfield><subfield code="0">(OCoLC)fst00959755</subfield></datafield><datafield ind1=" " ind2="7" tag="650"><subfield code="a">Lesbians.</subfield><subfield code="2">fast</subfield><subfield code="0">(OCoLC)fst00996540</subfield></datafield><datafield ind1=" " ind2="7" tag="651"><subfield code="a">United States.</subfield><subfield code="2">fast</subfield><subfield code="0">(OCoLC)fst01204155</subfield></datafield><datafield ind1=" " ind2="7" tag="651"><subfield code="a">Washington (D.C.)</subfield><subfield code="2">fast</subfield><subfield code="0">(OCoLC)fst01204505</subfield></datafield><datafield ind1=" " ind2=" " tag="752"><subfield code="a">United States</subfield><subfield code="b">District of Columbia</subfield><subfield code="d">Washington.</subfield></datafield><datafield ind1="0" ind2="0" tag="785"><subfield code="t">Blade (Washington, D.C.)</subfield><subfield code="x">0192-0383</subfield><subfield code="w">(DLC)sn 79003822</subfield><subfield code="w">(OCoLC)5005189</subfield></datafield><datafield ind1=" " ind2=" " tag="850"><subfield code="a">CaOWtU</subfield><subfield code="a">MiU</subfield><subfield code="a">NIC</subfield></datafield></record>